990036760400409161 FMT   L BK
990036760400409161 LDR   L 00494nrm a2200157 a 4500
990036760400409161 005   L 20250918120050.0
990036760400409161 008   L 250822|2015||||xx ||| |     ||   r|   |d
990036760400409161 001   L 990036760400409161
990036760400409161 035   L $$a(RUG01)003676040
990036760400409161 040   L $$aBE-GnUNI
990036760400409161 1001  L $$aCassiers, Paul,$$d1965-2025$$0(ugent)802000954979$$0(viaf)0
990036760400409161 24510 L $$k[object]$$aDe CatalOD-mobiel.
990036760400409161 260   L $$c2015.
990036760400409161 520   L $$alLabelopenafrollenaar voor in het Ondergronds Depot van de Boekentoren in Gent.
990036760400409161 591   L $$aBijzondere collecties
990036760400409161 650   L $$aTest1
990036760400409161 650   L $$aTest2
990036760400409161 650   L $$aTest3$$aTest4
990036760400409161 920   L $$arealia